<record><leader>00000cas a2200000 a 4500</leader><controlfield tag="001">25037919</controlfield><controlfield tag="008">920102d18821979nbuwr ne      0    0eng d</controlfield><datafield ind1=" " ind2=" " tag="010"><subfield code="a">sn 92061651 </subfield></datafield><datafield ind1=" " ind2=" " tag="040"><subfield code="a">NYS</subfield><subfield code="b">eng</subfield><subfield code="c">NYS</subfield><subfield code="d">NVG</subfield><subfield code="d">OCL</subfield><subfield code="d">OCLCQ</subfield><subfield code="d">OCLCF</subfield><subfield code="d">OCLCO</subfield></datafield><datafield ind1=" " ind2=" " tag="042"><subfield code="a">msc</subfield></datafield><datafield ind1=" " ind2=" " tag="043"><subfield code="a">n-us-nb</subfield></datafield><datafield ind1="0" ind2="0" tag="245"><subfield code="a">Table Rock argus.</subfield></datafield><datafield ind1=" " ind2=" " tag="260"><subfield code="a">Table Rock, Pawnee County, Neb. :</subfield><subfield code="b">Harrison &amp; Jones,</subfield><subfield code="c">1882-1979.</subfield></datafield><datafield ind1=" " ind2=" " tag="300"><subfield code="a">v.</subfield></datafield><datafield ind1=" " ind2=" " tag="310"><subfield code="a">Weekly</subfield></datafield><datafield ind1="0" ind2=" " tag="362"><subfield code="a">Vol. 1, no. 1 (May 27, 1882)-v. 96, no. 32 (Dec. 27, 1979).</subfield></datafield><datafield ind1=" " ind2=" " tag="515"><subfield code="a">Issues for &lt;July 18, 1884&gt;-May 20, 1943 called also whole no. 113-whole no. 3176.</subfield></datafield><datafield ind1=" " ind2=" " tag="515"><subfield code="a">Some issues for Feb. 12, 1948-June 8, 1972 lack issue numbering.</subfield></datafield><datafield ind1=" " ind2="0" tag="651"><subfield code="a">Table Rock (Neb.)</subfield><subfield code="v">Newspapers.</subfield></datafield><datafield ind1=" " ind2="0" tag="651"><subfield code="a">Pawnee County (Neb.)</subfield><subfield code="v">Newspapers.</subfield></datafield><datafield ind1=" " ind2="7" tag="655"><subfield code="a">Newspapers.</subfield><subfield code="2">fast</subfield><subfield code="0">(OCoLC)fst01423814</subfield></datafield><datafield ind1=" " ind2="7" tag="651"><subfield code="a">Nebraska</subfield><subfield code="z">Pawnee County.</subfield><subfield code="2">fast</subfield><subfield code="0">(OCoLC)fst01211907</subfield></datafield><datafield ind1=" " ind2="7" tag="651"><subfield code="a">Nebraska</subfield><subfield code="z">Table Rock.</subfield><subfield code="2">fast</subfield><subfield code="0">(OCoLC)fst01276235</subfield></datafield><datafield ind1=" " ind2=" " tag="752"><subfield code="a">United States</subfield><subfield code="b">Nebraska</subfield><subfield code="c">Pawnee</subfield><subfield code="d">Table Rock.</subfield></datafield><datafield ind1="1" ind2=" " tag="776"><subfield code="c">Microfilm</subfield><subfield code="d">Nebraska State Historical Society</subfield><subfield code="w">(DLC)sn 95070135</subfield></datafield><datafield ind1="0" ind2="4" tag="785"><subfield code="t">Pawnee Republican (Pawnee City, Neb. : 1949)</subfield></datafield></record>